 @article{tuhh2022demo,
  title={A demo publication for use as placeholder},
  author={Fisser, Leonard},
  journal={Fictional Journal},
  volume={X},
  number={Y},
  pages={X--Y},
  year={2022}
}